
@book{stropnik_1997,
        title = "Priporočila avtorjem študijskih in strokovnih publikacij na Fakulteti za strojništvo v Ljubljani",
        publisher = "Fakulteta za strojništvo",
        author = "J. Stropnik",
        address = "Ljubljana",
        year = "1997"
        }


@book{bazant_1991,
        title = "Stability of Structures: Elastic, Inelastic, Fracture, and Damage Theories",
        publisher = "Oxford University Press",
        author = "Z. P. Ba\v{z}ant and L. Cedolin",
        address = "New York",
        year = "1991"
        }

@inbook{Doe_1991,
        author = "J. Doe",
        title = "Earthquake stability",
        editor = "Z. P. Ba\v{z}ant and L. Cedolin",
        booktitle = "Stability of Structures: Elastic, Inelastic, Fracture, and Damage Theories",
        publisher = "Oxford University Press",
        address = "New York",
        year = "1991",
        pages = "124--157",
        }

@phdthesis{Novak_2015,
        author = "A. Novak",
        title = "Izdelava avtomatiziranega stroja za lupljenje krompirja",
        school = "Univerza v Ljubljani",
        year = "2015",
        }


@article{Bazant_2008,
        author = "Z. P. Ba\v{z}ant and L. Cedolin",
        title = "Noise control",
        journal = "Journal of Sound and Vibration",
        volume = "111",
        year = "2008",
        pages = "42--50"
        }

@article{Gonzalez_2014,
        author = "J. Gonzalez-Gutierrez and J. L. Carillo-Estrada and J. C. Ruiz-Suarez",
        title = "Penetration of granular projectiles into a water target",
        journal = "Scientific reports",
        volume = "4",
        number = "6762",
        pages = "1--5",
        year = "2014",
        }


@inproceedings{Bazant_2005,
        author = "Z. P. Ba\v{z}ant and L. Cedolin",
        title = "Naslov",
        year = "2005",
        month = "september",
        booktitle = "Kuhljevi dnevi: Zbornik referatov",
        address = "Ljubljana, Slovenija",
        pages = "2--5",
        editor = "B. Podskrajnik"
        }


@inproceedings{Bazant_2007,
        author = "Z. P. Ba\v{z}ant and L. Cedolin",
        title = "Naslov",
        year = "2007",
        month = "september",
        booktitle = "Proceedings of the 22. Congress of Polymers",
        address = "London, UK",
        pages = "3--8",
        editor = "S. Smith"
        }


@misc{Kogoj_DTD,
        author = "C. Kogoj",
        title = "Naslov vsebine objavljene na spletu s primerom URL povezave",
        howpublished = "Dostopno na: \url{http://www.fs.uni-lj.si/gradivo.pdf}",
        note = "ogled: 11. 1. 2012",
        }

@misc{Merkur_2005,
        author = "{Merkur d.d.}",
        title = "Letno poročilo podjetja Merkur d.d. Kranj",
        year = "2005",
        }

@misc{SURS_2009,
        author = "{Statistični urad republike Slovenije}",
        title = "Statistični letopis Republike Slovenije 2009",
        howpublished = "Statistični urad republike Slovenije, Ljubljana",
        year = "2009"
        }


@misc{SURS_2005,
        author = "{Statistični urad republike Slovenije}",
        title = "Standardna klasifikacija dejavnosti 2005",
        howpublished = "Dostopno na: \url{http://www.stat.si/klas/tabela.aspx?cvn=1895}",
        note = "ogled: 10. 1. 2012",
        }

@misc{MKariera,
        title = "M Kariera – Zaposlitveni portal",
        howpublished = "Dostopno na: \url{http://www.mercator.si/kariera}",
        note = "ogled: 10. 1. 2012",
        }

@misc{Encyclopedia,
        title = "Engineering",
        howpublished = "V Encyclopedia Britannica online. Dostopno na: \url{http://student.britannica.com/comptons/article-9274119/engineering}",
        note = "ogled: 8. 1. 2012",
        }

@misc{Posl_app,
        title = "Poslovna aplikacija",
        howpublished = "V eSlovarju. Dostopno na: \url{http://www.eslovar.com/besedilo.asp?id=1563}",
        note = "ogled: 8. 1. 2012",
        }

@misc{ZGD,
        title = "Zakon o gospodarskih družbah",
        note = "{U}radni list RS št. 42/2006, 60/2006 popr., 26/2007-ZSDU-B, 33/2007-ZSReg-B, 67/2007-ZTFI (100/2007 popr.), 10/2008, 68/2008, 23/2009; Odl. US: U-I-268/06-35",
        }

@misc{ZOP,
        title = "Zakon o okoljskih predpisih",
        note = "{U}radni list RS št. 72/2009-UPB2, 65/2010",
        }

@misc{ISO_2573,
        author = "{ISO 2573:1977}",
        title = "Tensile testing systems – Determination of K-value",
        }

@misc{DIN_4768,
        author = "{DIN 4768:1990}",
        title = "Determination of surface roughness values R$_a$, R$_z$, R$_{max}$",
        }

@misc{JISB0601,
        author = "{JIS B 0601:2001}",
        title = "Geometrical product specifications (GPS) profile method – Terms, definitions and surface texture parameters",
        }
