@misc{difrobots,
    author    = "Wikipedia, the free encyclopedia",
    title     = "Differential wheeled robot",
    url       = "https://en.wikipedia.org/wiki/Differential_wheeled_robot"
}

}
@misc{Wiki,
    author    = "Wikipedia, the free encyclopedia",
    title     = "Racing line",
    url       = "https://en.wikipedia.org/wiki/Racing_line"
}
@inproceedings{cardamone2010searching,
  title={Searching for the optimal racing line using genetic algorithms},
  author={Cardamone, Luigi and Loiacono, Daniele and Lanzi, Pier Luca and Bardelli, Alessandro Pietro},
  booktitle={Computational Intelligence and Games (CIG), 2010 IEEE Symposium on},
  pages={388--394},
  year={2010},
  organization={IEEE}
}
@article{pfeiffer2004machine,
  title={Machine learning applications in computer games},
  author={Pfeiffer, Michael},
  journal={{\"O}GAI-Journal},
  volume={23},
  number={3},
  pages={4--7},
  year={2004},
  publisher={Austrian Society for Artificial Intelligency}
}
@phdthesis{coulom2002reinforcement,
  title={Reinforcement learning using neural networks, with applications to motor control},
  author={Coulom, R{\'e}mi},
  year={2002},
  school={Institut National Polytechnique de Grenoble-INPG}
}
@misc{Simplix,
    author    = "Wolf-Dieter Beelitz",
    title     = "Simplix",
    url       = "http://www.simplix.wdbee-aorp.de/default.aspx"
}
@misc{rars,
    author    = "RARS",
	title     = "Robot Auto Racing Simulator",
    url       = "http://rars.sourceforge.net/"
}
@inproceedings{botta2012evolving,
  title={Evolving the optimal racing line in a high-end racing game},
  author={Botta, Matteo and Gautieri, Vincenzo and Loiacono, Daniele and Lanzi, Pier Luca},
  booktitle={Computational Intelligence and Games (CIG), 2012 IEEE Conference on},
  pages={108--115},
  year={2012},
  organization={IEEE}
}
@misc{VAS,
    author    = "Sam Varner",
	title     = "Computer-Controlled Cars in Vamos",
    url       = "http://vamos.sourceforge.net/computer-controlled-cars.pdf"
}
@misc{moorerobots,
    author    = "moorerobots",
    title     = "mybot",
    url       = "http://moorerobots.com/blog"
}
